@article{Binoth:2005ff,
      author         = "Binoth, T. and Guillet, J.Ph. and Heinrich, G. and Pilon,
                        E. and Schubert, C.",
      title          = "Blablabla et Reblablabla ",
      journal        = "JHEP",
      volume         = "0510",
      pages          = "015",
      doi            = "10.1088/1126-6708/2005/10/015",
      year           = "2005",
      eprint         = "hep-ph/0504267",
      archivePrefix  = "arXiv",
      primaryClass   = "hep-ph",
}
@article{Belanger:2001fz,
      author         = "Belanger, G. and Boudjema, F. and Pukhov, A. and Semenov,
                        A.",
      title          = "MicroMegaS",
      journal        = "Comput.Phys.Commun.",
      volume         = "149",
      pages          = "103-120",
      doi            = "10.1016/S0010-4655(02)00596-9",
      year           = "2002",
      eprint         = "hep-ph/0112278",
      archivePrefix  = "arXiv",
      primaryClass   = "hep-ph",
}
@article{Huston:2011ny,
      author         = "Huston, J.",
      title          = "No Title",
      year           = "2011",
      note           = "* Temporary entry *",
      eprint         = "1110.3284",
      archivePrefix  = "arXiv",
      primaryClass   = "hep-ph",
}
@article{Skands:2010ak,
      author         = "Skands, Peter Zeiler",
      title          = "Pythia and me",
      journal        = "Phys.Rev.",
      volume         = "D82",
      pages          = "074018",
      doi            = "10.1103/PhysRevD.82.074018",
      year           = "2010",
      eprint         = "1005.3457",
      archivePrefix  = "arXiv",
      primaryClass   = "hep-ph",
}
