@article{Larkoski:2014pca,
      author         = "Larkoski, Andrew J. and Thaler, Jesse and Waalewijn,
                        Wouter J.",
      title          = "{Gaining (Mutual) Information about Quark/Gluon
                        Discrimination}",
      journal        = "JHEP",
      volume         = "1411",
      pages          = "129",
      doi            = "10.1007/JHEP11(2014)129",
      year           = "2014",
      eprint         = "1408.3122",
      archivePrefix  = "arXiv",
      primaryClass   = "hep-ph",
      reportNumber   = "MIT--CTP-4572, NIKHEF-2014-026",
      SLACcitation   = "%%CITATION = ARXIV:1408.3122;%%",
}


@article{Procura:2014cba,
      author         = "Procura, Massimiliano and Waalewijn, Wouter J. and Zeune,
                        Lisa",
      title          = "{Resummation of Double-Differential Cross Sections and
                        Fully-Unintegrated Parton Distribution Functions}",
      year           = "2014",
      eprint         = "1410.6483",
      archivePrefix  = "arXiv",
      primaryClass   = "hep-ph",
      reportNumber   = "NIKHEF-2014-043",
      SLACcitation   = "%%CITATION = ARXIV:1410.6483;%%",
}


@article{Gallicchio:2011xc,
      author         = "Gallicchio, Jason and Schwartz, Matthew D.",
      title          = "{Pure Samples of Quark and Gluon Jets at the LHC}",
      journal        = "JHEP",
      volume         = "1110",
      pages          = "103",
      doi            = "10.1007/JHEP10(2011)103",
      year           = "2011",
      eprint         = "1104.1175",
      archivePrefix  = "arXiv",
      primaryClass   = "hep-ph",
      SLACcitation   = "%%CITATION = ARXIV:1104.1175;%%",
}

@article{Capella:1999ms,
      author         = "Capella, A. and Dremin, I.M. and Gary, J.W. and
                        Nechitailo, V.A. and Tran Thanh Van, J.",
      title          = "{Evolution of average multiplicities of quark and gluon
                        jets}",
      journal        = "Phys. Rev.",
      volume         = "D61",
      pages          = "074009",
      doi            = "10.1103/PhysRevD.61.074009",
      year           = "2000",
      eprint         = "hep-ph/9910226",
      archivePrefix  = "arXiv",
      primaryClass   = "hep-ph",
      reportNumber   = "FIAN-TD-22-99, LPT-99-74, UCRHEP-E264",
      SLACcitation   = "%%CITATION = HEP-PH/9910226;%%",
}

@article{Becher:2008cf,
      author         = "Becher, Thomas and Schwartz, Matthew D.",
      title          = "{A precise determination of $\alpha_s$ from LEP thrust
                        data using effective field theory}",
      journal        = "JHEP",
      volume         = "0807",
      pages          = "034",
      doi            = "10.1088/1126-6708/2008/07/034",
      year           = "2008",
      eprint         = "0803.0342",
      archivePrefix  = "arXiv",
      primaryClass   = "hep-ph",
      reportNumber   = "FERMILAB-PUB-08-048-T",
      SLACcitation   = "%%CITATION = ARXIV:0803.0342;%%",
}

@article{Almeida:2014uva,
      author         = "Almeida, Leandro G. and Ellis, Stephen D. and Lee,
                        Christopher and Sterman, George and Sung, Ilmo and others",
      title          = "{Comparing and counting logs in direct and effective
                        methods of QCD resummation}",
      journal        = "JHEP",
      volume         = "1404",
      pages          = "174",
      doi            = "10.1007/JHEP04(2014)174",
      year           = "2014",
      eprint         = "1401.4460",
      archivePrefix  = "arXiv",
      primaryClass   = "hep-ph",
      reportNumber   = "LA-UR-13-28363, YITP-SB-14-02",
      SLACcitation   = "%%CITATION = ARXIV:1401.4460;%%",
}

@article{Hornig:2009vb,
      author         = "Hornig, Andrew and Lee, Christopher and Ovanesyan,
                        Grigory",
      title          = "{Effective Predictions of Event Shapes: Factorized,
                        Resummed, and Gapped Angularity Distributions}",
      journal        = "JHEP",
      volume         = "0905",
      pages          = "122",
      doi            = "10.1088/1126-6708/2009/05/122",
      year           = "2009",
      eprint         = "0901.3780",
      archivePrefix  = "arXiv",
      primaryClass   = "hep-ph",
      reportNumber   = "UCB-PTH-09-03",
      SLACcitation   = "%%CITATION = ARXIV:0901.3780;%%",
}

@article{Dasgupta:2013via,
      author         = "Dasgupta, Mrinal and Fregoso, Alessandro and Marzani,
                        Simone and Powling, Alexander",
      title          = "{Jet substructure with analytical methods}",
      journal        = "Eur. Phys. J.",
      number         = "11",
      volume         = "C73",
      pages          = "2623",
      doi            = "10.1140/epjc/s10052-013-2623-3",
      year           = "2013",
      eprint         = "1307.0013",
      archivePrefix  = "arXiv",
      primaryClass   = "hep-ph",
      reportNumber   = "DCPT-13-88, IPPP-13-44, MAN-HEP-2013-11",
      SLACcitation   = "%%CITATION = ARXIV:1307.0013;%%",
}

@article{Abdesselam:2010pt,
      author         = "Abdesselam, A. and Kuutmann, E. Bergeaas and Bitenc, U.
                        and Brooijmans, G. and Butterworth, J. and others",
      title          = "{Boosted objects: A Probe of beyond the Standard Model
                        physics}",
      journal        = "Eur. Phys. J.",
      volume         = "C71",
      pages          = "1661",
      doi            = "10.1140/epjc/s10052-011-1661-y",
      year           = "2011",
      eprint         = "1012.5412",
      archivePrefix  = "arXiv",
      primaryClass   = "hep-ph",
      reportNumber   = "SLAC-PUB-15081, FERMILAB-PUB-10-617-CMS",
      SLACcitation   = "%%CITATION = ARXIV:1012.5412;%%",
}

@article{Altheimer:2012mn,
      author         = "Altheimer, A. and Arora, S. and Asquith, L. and
                        Brooijmans, G. and Butterworth, J. and others",
      title          = "{Jet Substructure at the Tevatron and LHC: New results,
                        new tools, new benchmarks}",
      journal        = "J. Phys.",
      volume         = "G39",
      pages          = "063001",
      doi            = "10.1088/0954-3899/39/6/063001",
      year           = "2012",
      eprint         = "1201.0008",
      archivePrefix  = "arXiv",
      primaryClass   = "hep-ph",
      reportNumber   = "SLAC-R-990, FERMILAB-PUB-12-897-T",
      SLACcitation   = "%%CITATION = ARXIV:1201.0008;%%",
}


@article{Altheimer:2013yza,
      author         = "Altheimer, A. and Arce, A. and Asquith, L. and Backus
                        Mayes, J. and Bergeaas Kuutmann, E. and others",
      title          = "{Boosted objects and jet substructure at the LHC}",
      year           = "2013",
      eprint         = "1311.2708",
      archivePrefix  = "arXiv",
      primaryClass   = "hep-ex",
      SLACcitation   = "%%CITATION = ARXIV:1311.2708;%%",
}

@book{nielsen00,
  added-at = {2010-06-22T17:54:31.000+0200},
  author = {Nielsen, Michael A. and Chuang, Isaac L.},
  biburl = {http://www.bibsonomy.org/bibtex/222bf6f3de23faf420214d738924ac21b/mcclung},
  interhash = {140ce4be72c2994b45286dbaa98d0bd3},
  intrahash = {22bf6f3de23faf420214d738924ac21b},
  keywords = {computing information quantum},
  publisher = {Cambridge University Press},
  timestamp = {2010-06-22T17:54:31.000+0200},
  title = {Quantum Computation and Quantum Information},
  year = 2000
}


@article{Gross:1974cs,
      author         = "Gross, D.J. and Wilczek, Frank",
      title          = "{Asymptotically Free Gauge Theories. II}",
      journal        = "Phys. Rev.",
      volume         = "D9",
      pages          = "980-993",
      doi            = "10.1103/PhysRevD.9.980",
      year           = "1974",
      SLACcitation   = "%%CITATION = PHRVA,D9,980;%%",
}

@article{Georgi:1951sr,
      author         = "Georgi, Howard and Politzer, H. David",
      title          = "{Electroproduction scaling in an asymptotically free
                        theory of strong interactions}",
      journal        = "Phys. Rev.",
      volume         = "D9",
      pages          = "416-420",
      doi            = "10.1103/PhysRevD.9.416",
      year           = "1974",
      SLACcitation   = "%%CITATION = PHRVA,D9,416;%%",
}


@article{Dokshitzer:1977sg,
      author         = "Dokshitzer, Yuri L.",
      title          = "{Calculation of the Structure Functions for Deep
                        Inelastic Scattering and $e^+ e^-$ Annihilation by
                        Perturbation Theory in Quantum Chromodynamics.}",
      journal        = "Sov. Phys. JETP",
      volume         = "46",
      pages          = "641-653",
      year           = "1977",
      SLACcitation   = "%%CITATION = SPHJA,46,641;%%",
}

@article{Altarelli:1977zs,
      author         = "Altarelli, G. and Parisi, G.",
      title          = "{Asymptotic Freedom in Parton Language}",
      journal        = "Nucl. Phys.",
      volume         = "B126",
      pages          = "298",
      doi            = "10.1016/0550-3213(77)90384-4",
      year           = "1977",
      reportNumber   = "LPTENS-77-6",
      SLACcitation   = "%%CITATION = NUPHA,B126,298;%%",
}

@article{Gribov:1972ri,
      author         = "Gribov, V.N. and Lipatov, L.N.",
      title          = "{Deep inelastic e p scattering in perturbation theory}",
      journal        = "Sov. J. Nucl. Phys.",
      volume         = "15",
      pages          = "438-450",
      year           = "1972",
      reportNumber   = "IPTI-381-71",
      SLACcitation   = "%%CITATION = SJNCA,15,438;%%",
}

@article{Dasgupta:2013ihk,
      author         = "Dasgupta, Mrinal and Fregoso, Alessandro and Marzani,
                        Simone and Salam, Gavin P.",
      title          = "{Towards an understanding of jet substructure}",
      journal        = "JHEP",
      volume         = "1309",
      pages          = "029",
      doi            = "10.1007/JHEP09(2013)029",
      year           = "2013",
      eprint         = "1307.0007",
      archivePrefix  = "arXiv",
      primaryClass   = "hep-ph",
      reportNumber   = "CERN-PH-TH-2013-145, DCPT-13-86, IPPP-13-43, LPN13-036,
                        MAN-HEP-2013-12",
      SLACcitation   = "%%CITATION = ARXIV:1307.0007;%%",
}

@article{Butterworth:2008iy,
      author         = "Butterworth, Jonathan M. and Davison, Adam R. and Rubin,
                        Mathieu and Salam, Gavin P.",
      title          = "{Jet substructure as a new Higgs search channel at the
                        LHC}",
      journal        = "Phys. Rev. Lett.",
      volume         = "100",
      pages          = "242001",
      doi            = "10.1103/PhysRevLett.100.242001",
      year           = "2008",
      eprint         = "0802.2470",
      archivePrefix  = "arXiv",
      primaryClass   = "hep-ph",
      SLACcitation   = "%%CITATION = ARXIV:0802.2470;%%",
}


@article{Larkoski:2014wba,
      author         = "Larkoski, Andrew J. and Marzani, Simone and Soyez,
                        Gregory and Thaler, Jesse",
      title          = "{Soft Drop}",
      journal        = "JHEP",
      volume         = "1405",
      pages          = "146",
      doi            = "10.1007/JHEP05(2014)146",
      year           = "2014",
      eprint         = "1402.2657",
      archivePrefix  = "arXiv",
      primaryClass   = "hep-ph",
      reportNumber   = "MIT-CTP-4531, DCPT-14-24, IPPP-14-12",
      SLACcitation   = "%%CITATION = ARXIV:1402.2657;%%",
}

@article{Catani:1990rr,
      author         = "Catani, S. and Webber, B.R. and Marchesini, G.",
      title          = "{QCD coherent branching and semiinclusive processes at
                        large x}",
      journal        = "Nucl. Phys.",
      volume         = "B349",
      pages          = "635-654",
      doi            = "10.1016/0550-3213(91)90390-J",
      year           = "1991",
      reportNumber   = "CAVENDISH-HEP-90-11, UPRF-90-280",
      SLACcitation   = "%%CITATION = NUPHA,B349,635;%%",
}

@article{Dasgupta:2001sh,
      author         = "Dasgupta, M. and Salam, G.P.",
      title          = "{Resummation of nonglobal QCD observables}",
      journal        = "Phys. Lett.",
      volume         = "B512",
      pages          = "323-330",
      doi            = "10.1016/S0370-2693(01)00725-0",
      year           = "2001",
      eprint         = "hep-ph/0104277",
      archivePrefix  = "arXiv",
      primaryClass   = "hep-ph",
      reportNumber   = "DESY-01-055, CERN-TH-2001-110, LPTHE-01-21",
      SLACcitation   = "%%CITATION = HEP-PH/0104277;%%",
}


@article{Soper:2011cr,
      author         = "Soper, Davison E. and Spannowsky, Michael",
      title          = "{Finding physics signals with shower deconstruction}",
      journal        = "Phys. Rev.",
      volume         = "D84",
      pages          = "074002",
      doi            = "10.1103/PhysRevD.84.074002",
      year           = "2011",
      eprint         = "1102.3480",
      archivePrefix  = "arXiv",
      primaryClass   = "hep-ph",
      SLACcitation   = "%%CITATION = ARXIV:1102.3480;%%",
}

@article{Stewart:2014nna,
      author         = "Stewart, Iain W. and Tackmann, Frank J. and Waalewijn,
                        Wouter J.",
      title          = "{Dissecting Soft Radiation with Factorization}",
      year           = "2014",
      eprint         = "1405.6722",
      archivePrefix  = "arXiv",
      primaryClass   = "hep-ph",
      reportNumber   = "MIT-CTP-4530, DESY-14-008, NIKHEF-2014-002",
      SLACcitation   = "%%CITATION = ARXIV:1405.6722;%%",
}


@article{Banfi:2006hf,
      author         = "Banfi, Andrea and Salam, Gavin P. and Zanderighi, Giulia",
      title          = "{Infrared safe definition of jet flavor}",
      journal        = "Eur. Phys. J.",
      volume         = "C47",
      pages          = "113-124",
      doi            = "10.1140/epjc/s2006-02552-4",
      year           = "2006",
      eprint         = "hep-ph/0601139",
      archivePrefix  = "arXiv",
      primaryClass   = "hep-ph",
      reportNumber   = "FERMILAB-PUB-06-003-T, BICOCCA-FT-05-28,
                        CAVENDISH-HEP-05-25, CERN-PH-TH-2006-002, DAMTP-2005-134,
                        LPTHE-05-34",
      SLACcitation   = "%%CITATION = HEP-PH/0601139;%%",
}

@techreport{CMS-PAS-JME-13-005,
      title         = "{Pileup Jet Identification}",
      institution   = "CERN",
      collaboration = "CMS",
      address       = "Geneva",
      number        = "CMS-PAS-JME-13-005",
      year          = "2013",
}

@article{Larkoski:2014bia,
      author         = "Larkoski, Andrew J. and Thaler, Jesse",
      title          = "{Aspects of Jets at 100 TeV}",
      year           = "2014",
      eprint         = "1406.7011",
      archivePrefix  = "arXiv",
      primaryClass   = "hep-ph",
      reportNumber   = "MIT-CTP-4563",
      SLACcitation   = "%%CITATION = ARXIV:1406.7011;%%",
}

@article{Bertolini:2013iqa,
      author         = "Bertolini, Daniele and Chan, Tucker and Thaler, Jesse",
      title          = "{Jet Observables Without Jet Algorithms}",
      journal        = "JHEP",
      volume         = "1404",
      pages          = "013",
      doi            = "10.1007/JHEP04(2014)013",
      year           = "2014",
      eprint         = "1310.7584",
      archivePrefix  = "arXiv",
      primaryClass   = "hep-ph",
      reportNumber   = "MIT-CTP-4502",
      SLACcitation   = "%%CITATION = ARXIV:1310.7584;%%",
}

@article{Salambroadening,
      author         = "Salam, Gavin",
      journal        = "Unpublished",
      SLACcitation   = "%%CITATION = ARXIV:1307.1699;%%",
}


@article{Thaler:2011gf,
      author         = "Thaler, Jesse and Van Tilburg, Ken",
      title          = "{Maximizing Boosted Top Identification by Minimizing
                        N-subjettiness}",
      journal        = "JHEP",
      volume         = "1202",
      pages          = "093",
      doi            = "10.1007/JHEP02(2012)093",
      year           = "2012",
      eprint         = "1108.2701",
      archivePrefix  = "arXiv",
      primaryClass   = "hep-ph",
      reportNumber   = "MIT-CTP-4287",
      SLACcitation   = "%%CITATION = ARXIV:1108.2701;%%",
}

@article{Thaler:2010tr,
      author         = "Thaler, Jesse and Van Tilburg, Ken",
      title          = "{Identifying Boosted Objects with N-subjettiness}",
      journal        = "JHEP",
      volume         = "1103",
      pages          = "015",
      doi            = "10.1007/JHEP03(2011)015",
      year           = "2011",
      eprint         = "1011.2268",
      archivePrefix  = "arXiv",
      primaryClass   = "hep-ph",
      reportNumber   = "MIT-CTP-4191",
      SLACcitation   = "%%CITATION = ARXIV:1011.2268;%%",
}

@article{Casini:2004bw,
      author         = "Casini, H. and Huerta, M.",
      title          = "{A Finite entanglement entropy and the c-theorem}",
      journal        = "Phys. Lett.",
      volume         = "B600",
      pages          = "142-150",
      doi            = "10.1016/j.physletb.2004.08.072",
      year           = "2004",
      eprint         = "hep-th/0405111",
      archivePrefix  = "arXiv",
      primaryClass   = "hep-th",
      SLACcitation   = "%%CITATION = HEP-TH/0405111;%%",
}

@ARTICLE{2008PhRvL.100g0502W,
   author = {{Wolf}, M.~M. and {Verstraete}, F. and {Hastings}, M.~B. and 
	{Cirac}, J.~I.},
    title = "{Area Laws in Quantum Systems: Mutual Information and Correlations}",
  journal = {Phys. Rev. Lett.},
archivePrefix = "arXiv",
   eprint = {0704.3906},
 primaryClass = "quant-ph",
 keywords = {Entanglement production characterization and manipulation, Quantum aspects of black holes evaporation thermodynamics, Quantum statistical mechanics},
     year = 2008,
   volume = 100,
      eid = {070502},
    pages = {070502},
      doi = {10.1103/PhysRevLett.100.070502},
   adsurl = {http://adsabs.harvard.edu/abs/2008PhRvL.100g0502W},
  adsnote = {Provided by the SAO/NASA Astrophysics Data System}
}


@ARTICLE{2009JPhA...42X4005C,
   author = {{Calabrese}, P. and {Cardy}, J.},
    title = "{Entanglement entropy and conformal field theory}",
  journal = {Journal of Physics A Mathematical General},
archivePrefix = "arXiv",
   eprint = {0905.4013},
 primaryClass = "cond-mat.stat-mech",
     year = 2009,
   volume = 42,
      eid = {504005},
    pages = {4005},
      doi = {10.1088/1751-8113/42/50/504005},
   adsurl = {http://adsabs.harvard.edu/abs/2009JPhA...42X4005C},
  adsnote = {Provided by the SAO/NASA Astrophysics Data System}
}


@article{Headrick:2010zt,
      author         = "Headrick, Matthew",
      title          = "{Entanglement Renyi entropies in holographic theories}",
      journal        = "Phys. Rev.",
      volume         = "D82",
      pages          = "126010",
      doi            = "10.1103/PhysRevD.82.126010",
      year           = "2010",
      eprint         = "1006.0047",
      archivePrefix  = "arXiv",
      primaryClass   = "hep-th",
      reportNumber   = "BRX-TH-619",
      SLACcitation   = "%%CITATION = ARXIV:1006.0047;%%",
}



@article{Rakow:1981qn,
      author         = "Rakow, Paul E.L. and Webber, B.R.",
      title          = "{Transverse Momentum Moments of Hadron Distributions in
                        QCD Jets}",
      journal        = "Nucl. Phys.",
      volume         = "B191",
      pages          = "63",
      doi            = "10.1016/0550-3213(81)90286-8",
      year           = "1981",
      reportNumber   = "HEP 80/11",
      SLACcitation   = "%%CITATION = NUPHA,B191,63;%%",
}

@article{Catani:1992jc,
      author         = "Catani, S. and Turnock, G. and Webber, B.R.",
      title          = "{Jet broadening measures in $e^{+} e^{-}$ annihilation}",
      journal        = "Phys. Lett.",
      volume         = "B295",
      pages          = "269-276",
      doi            = "10.1016/0370-2693(92)91565-Q",
      year           = "1992",
      reportNumber   = "CERN-TH-6570-92",
      SLACcitation   = "%%CITATION = PHLTA,B295,269;%%",
}

@article{Dokshitzer:1998kz,
      author         = "Dokshitzer, Yuri L. and Lucenti, A. and Marchesini, G.
                        and Salam, G.P.",
      title          = "{On the QCD analysis of jet broadening}",
      journal        = "JHEP",
      volume         = "9801",
      pages          = "011",
      year           = "1998",
      eprint         = "hep-ph/9801324",
      archivePrefix  = "arXiv",
      primaryClass   = "hep-ph",
      reportNumber   = "IFUM-602-FT",
      SLACcitation   = "%%CITATION = HEP-PH/9801324;%%",
}

@article{Farhi:1977sg,
  title = {Quantum Chromodynamics Test for Jets},
  author = {Farhi, Edward},
  journal = {Phys. Rev. Lett.},
  volume = {39},
  issue = {25},
  pages = {1587--1588},
  year = {1977},
  month = {Dec},
  doi = {10.1103/PhysRevLett.39.1587},
  url = {http://link.aps.org/doi/10.1103/PhysRevLett.39.1587},
  publisher = {American Physical Society}
}


@article{Ellis:1986ig,
      author         = "Ellis, R. Keith and Webber, B.R.",
      title          = "{QCD Jet Broadening in Hadron Hadron Collisions}",
      journal        = "Conf. Proc.",
      volume         = "C860623",
      pages          = "74",
      year           = "1986",
      reportNumber   = "FERMILAB-CONF-86-151-T, C86-06-23",
      SLACcitation   = "%%CITATION = CONFP,C860623,74;%%",
}


@article{Almeida:2008yp,
      author         = "Almeida, Leandro G. and Lee, Seung J. and Perez, Gilad
                        and Sterman, George F. and Sung, Ilmo and others",
      title          = "{Substructure of high-$p_T$ Jets at the LHC}",
      journal        = "Phys. Rev.",
      volume         = "D79",
      pages          = "074017",
      doi            = "10.1103/PhysRevD.79.074017",
      year           = "2009",
      eprint         = "0807.0234",
      archivePrefix  = "arXiv",
      primaryClass   = "hep-ph",
      reportNumber   = "YITP-SB-08-31",
      SLACcitation   = "%%CITATION = ARXIV:0807.0234;%%",
}




@article{Headrick:2007km,
      author         = "Headrick, Matthew and Takayanagi, Tadashi",
      title          = "{A Holographic proof of the strong subadditivity of
                        entanglement entropy}",
      journal        = "Phys. Rev.",
      volume         = "D76",
      pages          = "106013",
      doi            = "10.1103/PhysRevD.76.106013",
      year           = "2007",
      eprint         = "0704.3719",
      archivePrefix  = "arXiv",
      primaryClass   = "hep-th",
      reportNumber   = "SU-ITP-07-08, KUNS-2069",
      SLACcitation   = "%%CITATION = ARXIV:0704.3719;%%",
}


@techreport{CMS-PAS-JME-13-006,
      title         = "{Identifying Hadronically Decaying Vector Bosons Merged
                       into a Single Jet}",
      institution   = "CERN",
      collaboration = "CMS",
      address       = "Geneva",
      number        = "CMS-PAS-JME-13-006",
      year          = "2013",
}

@techreport{TheATLAScollaboration:2013tia,
      title          = "{Performance and Validation of Q-Jets at the ATLAS
                        Detector in pp Collisions at $\sqrt{s}$=8 TeV in 2012}",
      year           = "2013",
      collaboration  = "ATLAS",
      number   = "ATLAS-CONF-2013-087",
      SLACcitation   = "%%CITATION = ATLAS-CONF-2013-087 ETC.;%%",
}

@article{Aad:2014gea,
      author         = "Aad, Georges and others",
      title          = "{Light-quark and gluon jet discrimination in pp
                        collisions at $\sqrt{s}$ = 7 TeV with the ATLAS detector}",
      collaboration  = "ATLAS",
      year           = "2014",
      eprint         = "1405.6583",
      archivePrefix  = "arXiv",
      primaryClass   = "hep-ex",
      reportNumber   = "CERN-PH-EP-2014-058",
      SLACcitation   = "%%CITATION = ARXIV:1405.6583;%%",
}

@article{Bauer:2001yt,
      author         = "Bauer, Christian W. and Pirjol, Dan and Stewart, Iain W.",
      title          = "{Soft collinear factorization in effective field theory}",
      journal        = "Phys. Rev.",
      volume         = "D65",
      pages          = "054022",
      doi            = "10.1103/PhysRevD.65.054022",
      year           = "2002",
      eprint         = "hep-ph/0109045",
      reportNumber   = "UCSD-PTH-01-15",
      SLACcitation   = "%%CITATION = HEP-PH/0109045;%%",
}

@article{Bauer:2001ct,
      author         = "Bauer, Christian W. and Stewart, Iain W.",
      title          = "{Invariant operators in collinear effective theory}",
      journal        = "Phys. Lett.",
      volume         = "B516",
      pages          = "134-142",
      doi            = "10.1016/S0370-2693(01)00902-9",
      year           = "2001",
      eprint         = "hep-ph/0107001",
      reportNumber   = "UCSD-PTH-01-09",
      SLACcitation   = "%%CITATION = HEP-PH/0107001;%%",
}

@article{Bauer:2000yr,
      author         = "Bauer, Christian W. and Fleming, Sean and Pirjol, Dan and
                        Stewart, Iain W.",
      title          = "{An effective field theory for collinear and soft gluons:
                        heavy to light decays}",
      journal        = "Phys. Rev.",
      volume         = "D63",
      pages          = "114020",
      doi            = "10.1103/PhysRevD.63.114020",
      year           = "2001",
      eprint         = "hep-ph/0011336",
      reportNumber   = "UCSD-PTH-00-28",
      SLACcitation   = "%%CITATION = HEP-PH/0011336;%%",
}

@article{Bauer:2000ew,
      author         = "Bauer, Christian W. and Fleming, Sean and Luke, Michael
                        E.",
      title          = "{Summing Sudakov logarithms in $B \to X_s \gamma$ in
                        effective field theory}",
      journal        = "Phys. Rev.",
      volume         = "D63",
      pages          = "014006",
      doi            = "10.1103/PhysRevD.63.014006",
      year           = "2000",
      eprint         = "hep-ph/0005275",
      reportNumber   = "UTPT-00-03",
      SLACcitation   = "%%CITATION = HEP-PH/0005275;%%",
}

@article{Bahr:2008pv,
      author         = "Bahr, M. and Gieseke, S. and Gigg, M.A. and Grellscheid,
                        D. and Hamilton, K. and others",
      title          = "{Herwig++ Physics and Manual}",
      journal        = "Eur. Phys. J.",
      volume         = "C58",
      pages          = "639-707",
      doi            = "10.1140/epjc/s10052-008-0798-9",
      year           = "2008",
      eprint         = "0803.0883",
      archivePrefix  = "arXiv",
      primaryClass   = "hep-ph",
      reportNumber   = "CERN-PH-TH-2008-038, CAVENDISH-HEP-08-03, KA-TP-05-2008,
                        DCPT-08-22, IPPP-08-11, CP3-08-05",
      SLACcitation   = "%%CITATION = ARXIV:0803.0883;%%",
}

@article{Gieseke:2011na,
      author         = "Gieseke, S. and Grellscheid, D. and Hamilton, K. and
                        Papaefstathiou, A. and Platzer, S. and others",
      title          = "{Herwig++ 2.5 Release Note}",
      year           = "2011",
      eprint         = "1102.1672",
      archivePrefix  = "arXiv",
      primaryClass   = "hep-ph",
      reportNumber   = "IPPP-11-09, MCNET-11-04, DCPT-11-18, DESY-11-018,
                        KA-TP-04-2011",
      SLACcitation   = "%%CITATION = ARXIV:1102.1672;%%",
}

@book{Narsky:2014fya,
      author         = "Narsky, Ilya and Porter, Frank C.",
      title          = "{Statistical analysis techniques in particle physics}",
      year           = "2014",
      publisher = "{Wiley-VCH, Berlin}",
      SLACcitation   = "%%CITATION = INSPIRE-1289761;%%",
}

@article{Jain:2011xz,
      author         = "Jain, Ambar and Procura, Massimiliano and Waalewijn,
                        Wouter J.",
      title          = "{Parton Fragmentation within an Identified Jet at NNLL}",
      journal        = "JHEP",
      volume         = "1105",
      pages          = "035",
      doi            = "10.1007/JHEP05(2011)035",
      year           = "2011",
      eprint         = "1101.4953",
      archivePrefix  = "arXiv",
      primaryClass   = "hep-ph",
      reportNumber   = "TUM-EFT-18-10",
      SLACcitation   = "%%CITATION = ARXIV:1101.4953;%%",
}

@article{Ellis:2010rwa,
      author         = "Ellis, Stephen D. and Vermilion, Christopher K. and
                        Walsh, Jonathan R. and Hornig, Andrew and Lee,
                        Christopher",
      title          = "{Jet Shapes and Jet Algorithms in SCET}",
      journal        = "JHEP",
      volume         = "1011",
      pages          = "101",
      doi            = "10.1007/JHEP11(2010)101",
      year           = "2010",
      eprint         = "1001.0014",
      archivePrefix  = "arXiv",
      primaryClass   = "hep-ph",
      SLACcitation   = "%%CITATION = ARXIV:1001.0014;%%",
}

@article{Cacciari:2011ma,
	Archiveprefix = {arXiv},
	Author = {Cacciari, Matteo and Salam, Gavin P. and Soyez, Gregory},
	Doi = {10.1140/epjc/s10052-012-1896-2},
	Eprint = {1111.6097},
	Journal = {Eur. Phys. J. C},
	Pages = {1896},
	Primaryclass = {hep-ph},
	Reportnumber = {CERN-PH-TH-2011-297},
	Slaccitation = {%%CITATION = ARXIV:1111.6097;%%},
	Title = {{FastJet User Manual}},
	Volume = {72},
	Year = {2012}}
	
@article{Sjostrand:2007gs,
      author         = "Sjostrand, Torbjorn and Mrenna, Stephen and Skands, Peter
                        Z.",
      title          = "{A Brief Introduction to PYTHIA 8.1}",
      journal        = "Comput. Phys. Commun.",
      volume         = "178",
      pages          = "852-867",
      doi            = "10.1016/j.cpc.2008.01.036",
      year           = "2008",
      eprint         = "0710.3820",
      archivePrefix  = "arXiv",
      primaryClass   = "hep-ph",
      reportNumber   = "CERN-LCGAPP-2007-04, LU-TP-07-28,
                        FERMILAB-PUB-07-512-CD-T",
      SLACcitation   = "%%CITATION = ARXIV:0710.3820;%%",
}

@article{Sjostrand:2006za,
      author         = "Sjostrand, Torbjorn and Mrenna, Stephen and Skands, Peter
                        Z.",
      title          = "{PYTHIA 6.4 Physics and Manual}",
      journal        = "JHEP",
      volume         = "0605",
      pages          = "026",
      doi            = "10.1088/1126-6708/2006/05/026",
      year           = "2006",
      eprint         = "hep-ph/0603175",
      archivePrefix  = "arXiv",
      primaryClass   = "hep-ph",
      reportNumber   = "FERMILAB-PUB-06-052-CD-T, LU-TP-06-13",
      SLACcitation   = "%%CITATION = HEP-PH/0603175;%%",
}

@techreport{CMS-PAS-JME-13-002,
      title         = "{Performance of quark/gluon discrimination in 8 TeV pp
                       data}",
      institution   = "CERN",
      collaboration = "CMS",
      address       = "Geneva",
      number        = "CMS-PAS-JME-13-002",
      year          = "2013",
}
@article{Abbate:2010xh,
      author         = "Abbate, Riccardo and Fickinger, Michael and Hoang, Andre
                        H. and Mateu, Vicent and Stewart, Iain W.",
      title          = "{Thrust at $N^3LL$ with Power Corrections and a Precision
                        Global Fit for $\alpha_s(m_Z)$}",
      journal        = "Phys. Rev.",
      volume         = "D83",
      pages          = "074021",
      doi            = "10.1103/PhysRevD.83.074021",
      year           = "2011",
      eprint         = "1006.3080",
      archivePrefix  = "arXiv",
      primaryClass   = "hep-ph",
      reportNumber   = "MIT-CTP-4101, MPP-2010-7",
      SLACcitation   = "%%CITATION = ARXIV:1006.3080;%%",
}

%%%%%%%%%%%%%%%%%%%%%%%%%%%
%
%  A first example of the use of mutual information in particle physics
%
%%%%%%%%%%%%%%%%%%%%%%%%%%%
@article{Carruthers:1989gu,
      author         = "Carruthers, P. and Shih, C.C.",
      title          = "{Mutual Information and Forward Backward Correlations in
                        Multi - Hadron Production}",
      journal        = "Phys. Rev. Lett.",
      volume         = "62",
      pages          = "2073",
      doi            = "10.1103/PhysRevLett.62.2073",
      year           = "1989",
      reportNumber   = "AZPH-TH/89-2",
      SLACcitation   = "%%CITATION = PRLTA,62,2073;%%",
}

@article{Gallicchio:2012ez,
      author         = "Gallicchio, Jason and Schwartz, Matthew D.",
      title          = "{Quark and Gluon Jet Substructure}",
      journal        = "JHEP",
      volume         = "1304",
      pages          = "090",
      doi            = "10.1007/JHEP04(2013)090",
      year           = "2013",
      eprint         = "1211.7038",
      archivePrefix  = "arXiv",
      primaryClass   = "hep-ph",
      SLACcitation   = "%%CITATION = ARXIV:1211.7038;%%",
}

@article{Gallicchio:2011xq,
      author         = "Gallicchio, Jason and Schwartz, Matthew D.",
      title          = "{Quark and Gluon Tagging at the LHC}",
      journal        = "Phys. Rev. Lett.",
      volume         = "107",
      pages          = "172001",
      doi            = "10.1103/PhysRevLett.107.172001",
      year           = "2011",
      eprint         = "1106.3076",
      archivePrefix  = "arXiv",
      primaryClass   = "hep-ph",
      SLACcitation   = "%%CITATION = ARXIV:1106.3076;%%",
}

@article{Banfi:2004yd,
      author         = "Banfi, Andrea and Salam, Gavin P. and Zanderighi, Giulia",
      title          = "{Principles of general final-state resummation and
                        automated implementation}",
      journal        = "JHEP",
      volume         = "0503",
      pages          = "073",
      doi            = "10.1088/1126-6708/2005/03/073",
      year           = "2005",
      eprint         = "hep-ph/0407286",
      archivePrefix  = "arXiv",
      primaryClass   = "hep-ph",
      reportNumber   = "FERMILAB-PUB-04-116-T, LPTHE-04-16, NIKHEF-2004-005",
      SLACcitation   = "%%CITATION = HEP-PH/0407286;%%",
}

@article{Procura:2009vm,
      author         = "Procura, Massimiliano and Stewart, Iain W.",
      title          = "{Quark Fragmentation within an Identified Jet}",
      journal        = "Phys. Rev.",
      volume         = "D81",
      pages          = "074009",
      doi            = "10.1103/PhysRevD.81.074009, 10.1103/PhysRevD.83.039902",
      year           = "2010",
      eprint         = "0911.4980",
      archivePrefix  = "arXiv",
      primaryClass   = "hep-ph",
      reportNumber   = "MIT-CTP-4063, TUM-EFT-3-09",
      SLACcitation   = "%%CITATION = ARXIV:0911.4980;%%",
}

@article{Jain:2011iu,
      author         = "Jain, Ambar and Procura, Massimiliano and Waalewijn,
                        Wouter J.",
      title          = "{Fully-Unintegrated Parton Distribution and Fragmentation
                        Functions at Perturbative $k_T$}",
      journal        = "JHEP",
      volume         = "1204",
      pages          = "132",
      doi            = "10.1007/JHEP04(2012)132",
      year           = "2012",
      eprint         = "1110.0839",
      archivePrefix  = "arXiv",
      primaryClass   = "hep-ph",
      reportNumber   = "INT-PUB-11-041",
      SLACcitation   = "%%CITATION = ARXIV:1110.0839;%%",
}

@article{Larkoski:2014uqa,
      author         = "Larkoski, Andrew J. and Neill, Duff and Thaler, Jesse",
      title          = "{Jet Shapes with the Broadening Axis}",
      journal        = "JHEP",
      volume         = "1404",
      pages          = "017",
      doi            = "10.1007/JHEP04(2014)017",
      year           = "2014",
      eprint         = "1401.2158",
      archivePrefix  = "arXiv",
      primaryClass   = "hep-ph",
      reportNumber   = "MIT--CTP-4512",
      SLACcitation   = "%%CITATION = ARXIV:1401.2158;%%",
}
@article{Catani:1998nv,
      author         = "Catani, Stefano and Grazzini, Massimiliano",
      title          = "{Collinear factorization and splitting functions for
                        next-to-next-to-leading order QCD calculations}",
      journal        = "Phys. Lett.",
      volume         = "B446",
      pages          = "143-152",
      doi            = "10.1016/S0370-2693(98)01513-5",
      year           = "1999",
      eprint         = "hep-ph/9810389",
      archivePrefix  = "arXiv",
      primaryClass   = "hep-ph",
      reportNumber   = "CERN-TH-98-325, ETH-TH-98-27",
      SLACcitation   = "%%CITATION = HEP-PH/9810389;%%",
}

@article{Bolzoni:2013rsa,
      author         = "Bolzoni, Paolo and Kniehl, Bernd A. and Kotikov, Anatoly
                        V.",
      title          = "{Average gluon and quark jet multiplicities at higher
                        orders}",
      journal        = "Nucl. Phys.",
      volume         = "B875",
      pages          = "18-44",
      doi            = "10.1016/j.nuclphysb.2013.06.025",
      year           = "2013",
      eprint         = "1305.6017",
      archivePrefix  = "arXiv",
      primaryClass   = "hep-ph",
      reportNumber   = "DESY-13-079",
      SLACcitation   = "%%CITATION = ARXIV:1305.6017;%%",
}

@article{Bolzoni:2012ii,
      author         = "Bolzoni, P. and Kniehl, B.A. and Kotikov, A.V.",
      title          = "{Gluon and quark jet multiplicities at N${}^3$LO+NNLL}",
      journal        = "Phys. Rev. Lett.",
      volume         = "109",
      pages          = "242002",
      doi            = "10.1103/PhysRevLett.109.242002",
      year           = "2012",
      eprint         = "1209.5914",
      archivePrefix  = "arXiv",
      primaryClass   = "hep-ph",
      reportNumber   = "DESY-12-160",
      SLACcitation   = "%%CITATION = ARXIV:1209.5914;%%",
}

@article{Berger:2003iw,
      author         = "Berger, Carola F. and Kucs, Tibor and Sterman, George F.",
      title          = "{Event shape / energy flow correlations}",
      journal        = "Phys. Rev.",
      volume         = "D68",
      pages          = "014012",
      doi            = "10.1103/PhysRevD.68.014012",
      year           = "2003",
      eprint         = "hep-ph/0303051",
      archivePrefix  = "arXiv",
      primaryClass   = "hep-ph",
      reportNumber   = "YITP-SB-03-06",
      SLACcitation   = "%%CITATION = HEP-PH/0303051;%%",
}

@article{Krohn:2012fg,
      author         = "Krohn, David and Schwartz, Matthew D. and Lin, Tongyan
                        and Waalewijn, Wouter J.",
      title          = "{Jet Charge at the LHC}",
      journal        = "Phys. Rev. Lett.",
      volume         = "110",
      pages          = "212001",
      doi            = "10.1103/PhysRevLett.110.212001",
      year           = "2013",
      eprint         = "1209.2421",
      archivePrefix  = "arXiv",
      primaryClass   = "hep-ph",
      SLACcitation   = "%%CITATION = ARXIV:1209.2421;%%",
}

@article{Jouttenus:2011wh,
      author         = "Jouttenus, Teppo T. and Stewart, Iain W. and Tackmann,
                        Frank J. and Waalewijn, Wouter J.",
      title          = "{The Soft Function for Exclusive N-Jet Production at
                        Hadron Colliders}",
      journal        = "Phys. Rev.",
      volume         = "D83",
      pages          = "114030",
      doi            = "10.1103/PhysRevD.83.114030",
      year           = "2011",
      eprint         = "1102.4344",
      archivePrefix  = "arXiv",
      primaryClass   = "hep-ph",
      SLACcitation   = "%%CITATION = ARXIV:1102.4344;%%",
}

@article{Stewart:2010tn,
      author         = "Stewart, Iain W. and Tackmann, Frank J. and Waalewijn,
                        Wouter J.",
      title          = "{N-Jettiness: An Inclusive Event Shape to Veto Jets}",
      journal        = "Phys. Rev. Lett.",
      volume         = "105",
      pages          = "092002",
      doi            = "10.1103/PhysRevLett.105.092002",
      year           = "2010",
      eprint         = "1004.2489",
      archivePrefix  = "arXiv",
      primaryClass   = "hep-ph",
      reportNumber   = "MIT-CTP-4139",
      SLACcitation   = "%%CITATION = ARXIV:1004.2489;%%",
}

@article{Chang:2013iba,
      author         = "Chang, Hsi-Ming and Procura, Massimiliano and Thaler,
                        Jesse and Waalewijn, Wouter J.",
      title          = "{Calculating Track Thrust with Track Functions}",
      journal        = "Phys. Rev.",
      volume         = "D88",
      pages          = "034030",
      doi            = "10.1103/PhysRevD.88.034030",
      year           = "2013",
      eprint         = "1306.6630",
      archivePrefix  = "arXiv",
      primaryClass   = "hep-ph",
      reportNumber   = "MIT--CTP-4476",
      SLACcitation   = "%%CITATION = ARXIV:1306.6630;%%",
}

@article{Chang:2013rca,
      author         = "Chang, Hsi-Ming and Procura, Massimiliano and Thaler,
                        Jesse and Waalewijn, Wouter J.",
      title          = "{Calculating Track-Based Observables for the LHC}",
      journal        = "Phys. Rev. Lett.",
      volume         = "111",
      pages          = "102002",
      doi            = "10.1103/PhysRevLett.111.102002",
      year           = "2013",
      eprint         = "1303.6637",
      archivePrefix  = "arXiv",
      primaryClass   = "hep-ph",
      reportNumber   = "MIT-CTP-4449",
      SLACcitation   = "%%CITATION = ARXIV:1303.6637;%%",
}

@article{Chatrchyan:2012sn,
      author         = "Chatrchyan, Serguei and others",
      title          = "{Search for a Higgs boson in the decay channel $H \to
                        ZZ^{(*)} \to q \bar q \ell^- \ell^+$ in $pp$ collisions at
                        $\sqrt{s}=7$ TeV}",
      collaboration  = "CMS",
      journal        = "JHEP",
      volume         = "1204",
      pages          = "036",
      doi            = "10.1007/JHEP04(2012)036",
      year           = "2012",
      eprint         = "1202.1416",
      archivePrefix  = "arXiv",
      primaryClass   = "hep-ex",
      reportNumber   = "CMS-HIG-11-027, CERN-PH-EP-2012-028",
      SLACcitation   = "%%CITATION = ARXIV:1202.1416;%%",
}

@article{Waalewijn:2012sv,
      author         = "Waalewijn, Wouter J.",
      title          = "{Calculating the Charge of a Jet}",
      journal        = "Phys. Rev.",
      volume         = "D86",
      pages          = "094030",
      doi            = "10.1103/PhysRevD.86.094030",
      year           = "2012",
      eprint         = "1209.3019",
      archivePrefix  = "arXiv",
      primaryClass   = "hep-ph",
      SLACcitation   = "%%CITATION = ARXIV:1209.3019;%%",
}

@article{Jouttenus:2013hs,
      author         = "Jouttenus, Teppo T. and Stewart, Iain W. and Tackmann,
                        Frank J. and Waalewijn, Wouter J.",
      title          = "{Jet mass spectra in Higgs boson plus one jet at
                        next-to-next-to-leading logarithmic order}",
      journal        = "Phys. Rev.",
      number         = "5",
      volume         = "D88",
      pages          = "054031",
      doi            = "10.1103/PhysRevD.88.054031",
      year           = "2013",
      eprint         = "1302.0846",
      archivePrefix  = "arXiv",
      primaryClass   = "hep-ph",
      reportNumber   = "MIT-CTP-4427, DESY-12-222",
      SLACcitation   = "%%CITATION = ARXIV:1302.0846;%%",
}

@article{Larkoski:2013paa,
      author         = "Larkoski, Andrew J. and Thaler, Jesse",
      title          = "{Unsafe but Calculable: Ratios of Angularities in
                        Perturbative QCD}",
      journal        = "JHEP",
      volume         = "1309",
      pages          = "137",
      doi            = "10.1007/JHEP09(2013)137",
      year           = "2013",
      eprint         = "1307.1699",
      archivePrefix  = "arXiv",
      primaryClass   = "hep-ph",
      reportNumber   = "MIT-CTP-4472",
      SLACcitation   = "%%CITATION = ARXIV:1307.1699;%%",
}

@article{Larkoski:2013eya,
      author         = "Larkoski, Andrew J. and Salam, Gavin P. and Thaler,
                        Jesse",
      title          = "{Energy Correlation Functions for Jet Substructure}",
      journal        = "JHEP",
      volume         = "1306",
      pages          = "108",
      doi            = "10.1007/JHEP06(2013)108",
      year           = "2013",
      eprint         = "1305.0007",
      archivePrefix  = "arXiv",
      primaryClass   = "hep-ph",
      reportNumber   = "MIT-CTP-4446, CERN-PH-TH-2013-066, LPN13-026",
      SLACcitation   = "%%CITATION = ARXIV:1305.0007;%%",
}

@phdthesis{Pandolfi:1480598,
      author       = "Pandolfi, Francesco and Del Re, Daniele",
      title        = "Search for the Standard Model Higgs Boson in the
                      $H\to ZZ\to llqq$ Decay Channel at CMS",
      school       = "Zurich, ETH",
      year         = "2012",
}

@article{Larkoski:2014tva,
      author         = "Larkoski, Andrew J. and Moult, Ian and Neill, Duff",
      title          = "{Toward Multi-Differential Cross Sections: Measuring Two
                        Angularities on a Single Jet}",
      year           = "2014",
      eprint         = "1401.4458",
      archivePrefix  = "arXiv",
      primaryClass   = "hep-ph",
      reportNumber   = "MIT-CTP-4525",
      SLACcitation   = "%%CITATION = ARXIV:1401.4458;%%",
}

